@article{SAT,
  title={Saturation bounds for smooth varieties},
  author={Lawrence Ein, Huy Tai Ha, Robert Lazarsfeld},
  journal={Algebra \& Number Theory},
  volume={16},
  pages={1531--1546},
  year={2022},
}